@misc{Terlaky,
author = {Terlaky, Tam{\'{a}}s},
title = {{SW/CS 4/6TE3 --- Continuous Optimization Algorithms}},
url = {http://www.cas.mcmaster.ca/{~}cs4te3/notes/},
urldate = {2021-11-28}
}
